@article {statotpl,
   author = "Asstra, Anav, Agens",
   title = "Trasporto pubblico locale â€“ Interventi prioritari",
   year = "2021",
   pages = "12"
}

@article{statotplsole24ore,
   title = "TPL in ginocchio: due miliardi in meno di ricavi",
   journaltitle = "Il Sole 24 Ore",
   author = {De Girolamo, Alfredo},
   year = "2021",
   url = "https://www.ilsole24ore.com/art/tpl-ginocchio-due-miliardi-meno-ricavi-AD4mLaFB",
}

@article{atactransit,
   title = "Raggi: Orari in tempo reale su GMaps",
   journaltitle = "Adnkronos",
   author = {Adnkronos},
   year = "2019",
   url = "https://www.adnkronos.com/raggi-orari-bus-in-tempo-reale-su-gmaps_3KnBSCR6JLTAX1ZwI5oLhS",
}